@inproceedings{guneysu2008ultra,
  title={{Ultra high performance ECC over NIST primes on commercial FPGAs}},
  author={G{\"u}neysu, Tim and Paar, Christof},
  booktitle={International Workshop on Cryptographic Hardware and Embedded Systems},
  pages={62--78},
  year={2008},
  organization={Springer}
}

@inproceedings{sasdrich2014efficient,
	title={{Efficient elliptic-curve cryptography using Curve25519 on reconfigurable devices}},
	author={Sasdrich, Pascal and G{\"u}neysu, Tim},
	booktitle={International Symposium on Applied Reconfigurable Computing},
	pages={25--36},
	year={2014},
	organization={Springer}
}

@article{sasdrich2015implementing,
	title={{Implementing Curve25519 for Side-Channel--Protected Elliptic Curve Cryptography}},
	author={Sasdrich, Pascal and G{\"u}neysu, Tim},
	journal={ACM Transactions on Reconfigurable Technology and Systems (TRETS)},
	volume={9},
	number={1},
	pages={3},
	year={2015},
	publisher={ACM}
}

@book{paar2009understanding,
	title={{Understanding Cryptography: A Textbook for Students and Practitioners}},
	author={Paar, Christof and Pelzl, Jan},
	year={2009},
	publisher={Springer Science \& Business Media}
}

@misc{costello2015fourq,
	author = {Craig Costello and Patrick Longa},
	title = {{Four{$\mathbb{Q}$}: Four-Dimensional Decompositions on a {$\mathbb{Q}$}-curve over the Mersenne Prime}},
	howpublished = {Cryptology ePrint Archive, Report 2015/565},
	year = {2015},
	note = {\url{https://eprint.iacr.org/2015/565}},
}

@article{gueron2015fast,
	title={{Fast Prime Field Elliptic Curve Cryptography with 256
	Bit Primes}},
	author={Gueron, Shay and Krasnov, Vlad},
	journal={Journal of Cryptographic Engineering},
	volume={5},
	number={2},
	pages={141--151},
	year={2015},
	publisher={Springer}
}

@inproceedings{jarvinen2016four,
	title={{Four{$\mathbb{Q}$} on FPGA: New Hardware Speed Records for Elliptic Curve Cryptography over Large Prime Characteristic Fields}},
	author={J{\"a}rvinen, Kimmo and Miele, Andrea and Azarderakhsh, Reza and Longa, Patrick},
	booktitle={International Conference on Cryptographic Hardware and Embedded Systems},
	pages={517--537},
	year={2016},
	organization={Springer}
}

@article{smith2016mathbb,
	title={{The {$\mathbb{Q}$}-curve Construction for Endomorphism-Accelerated Elliptic Curves}},
	author={Smith, Benjamin},
	journal={Journal of Cryptology},
	volume={29},
	number={4},
	pages={806--832},
	year={2016},
	publisher={Springer}
}

@misc{peter2008elliptic,
	title={{Elliptic Curves over {$\mathbb{Q}$}}},
	author={Peter Birkner},
	year={2008},
	howpublished={\url{http://www.pbirkner.fastmail.fm/talks/ECoverQ.pdf}},
	note={Accessed: April 10, 2018}	
}

@misc{bern2008twisted,
	author = {Daniel J. Bernstein and Peter Birkner and Marc Joye and Tanja Lange and Christiane Peters},
	title = {{Twisted Edwards Curves}},
	howpublished = {Cryptology ePrint Archive, Report 2008/013},
	year = {2008},
	note = {\url{https://eprint.iacr.org/2008/013}},
}

@article{edwards2007normal,
	title={{A Normal Form for Elliptic Curves}},
	author={Edwards, Harold},
	journal={Bulletin of the American Mathematical Society},
	volume={44},
	number={3},
	pages={393--422},
	year={2007}
}

@inproceedings{okeya2000elliptic,
	title={{Elliptic Curves with the Montgomery-Form and Their Cryptographic Applications}},
	author={Okeya, Katsuyuki and Kurumatani, Hiroyuki and Sakurai, Kouichi},
	booktitle={International Workshop on Public Key Cryptography},
	pages={238--257},
	year={2000},
	organization={Springer}
}

@inproceedings{hisil2008twisted,
	title={{Twisted Edwards Curves Revisited}},
	author={Hisil, Huseyin and Wong, Kenneth Koon-Ho and Carter, Gary and Dawson, Ed},
	booktitle={International Conference on the Theory and Application of Cryptology and Information Security},
	pages={326--343},
	year={2008},
	organization={Springer}
}

@inproceedings{bernstein2007inverted,
	title={{Inverted Edwards Coordinates}},
	author={Bernstein, Daniel J and Lange, Tanja},
	booktitle={International Symposium on Applied Algebra, Algebraic Algorithms, and Error-Correcting Codes},
	pages={20--27},
	year={2007},
	organization={Springer}
}

@inproceedings{moller2002improved,
	title={{Improved Techniques for Fast Exponentiation}},
	author={M{\"o}ller, Bodo},
	booktitle={International Conference on Information Security and Cryptology},
	pages={298--312},
	year={2002},
	organization={Springer}
}

@inproceedings{rondepierre2013revisiting,
	title={{Revisiting Atomic Patterns for Scalar Multiplications on Elliptic Curves}},
	author={Rondepierre, Franck},
	booktitle={International Conference on Smart Card Research and Advanced Applications},
	pages={171--186},
	year={2013},
	organization={Springer}
}

@book{hankerson2006guide,
	title={{Guide to Elliptic Curve Cryptography}},
	author={Hankerson, Darrel and Menezes, Alfred J and Vanstone, Scott},
	year={2006},
	publisher={Springer Science \& Business Media}
}

@article{babai1986lovasz,
	title={{On Lov{\'a}sz’lattice reduction and the nearest lattice point problem}},
	author={Babai, L{\'a}szl{\'o}},
	journal={Combinatorica},
	volume={6},
	number={1},
	pages={1--13},
	year={1986},
	publisher={Springer}
}

@book{galbraith2012mathematics,
	title={Mathematics of public key cryptography},
	author={Galbraith, Steven D},
	year={2012},
	publisher={Cambridge University Press}
}

@article{faz2015efficient,
	title={{Efficient and secure algorithms for GLV-based scalar multiplication and their implementation on GLV--GLS curves (extended version)}},
	author={Faz-Hern{\'a}ndez, Armando and Longa, Patrick and S{\'a}nchez, Ana H},
	journal={Journal of Cryptographic Engineering},
	volume={5},
	number={1},
	pages={31--52},
	year={2015},
	publisher={Springer}
}

@inproceedings{hedabou2005countermeasures,
	title={{Countermeasures for preventing comb method against SCA attacks}},
	author={Hedabou, Mustapha and Pinel, Pierre and B{\'e}n{\'e}teau, Lucien},
	booktitle={International Conference on Information Security Practice and Experience},
	pages={85--96},
	year={2005},
	organization={Springer}
}

@article{feng2005efficient,
	title={{Efficient Comb Elliptic Curve Multiplication Methods Resistant to Power Analysis}},
	author={Feng, Min and Zhu, Bin B and Xu, Maozhi and Li, Shipeng},
	journal={IACR Cryptology ePrint Archive},
	volume={2005},
	pages={222},
	year={2005}
}

@article{hedabou2004comb,
	title={{A comb method to render ECC resistant against Side Channel Attacks}},
	author={Hedabou, Mustapha and Pinel, Pierre and B{\'e}n{\'e}teau, Lucien},
	journal={IACR Cryptology ePrint Archive},
	volume={2004},
	pages={342},
	year={2004}
}

@article{hamburg2012fast,
	title={Fast and compact elliptic-curve cryptography},
	author={Hamburg, Mike},
	journal={IACR Cryptology ePrint Archive},
	volume={2012},
	pages={309},
	year={2012}
}

@article{longa2014four,
	title={{Four-dimensional Gallant--Lambert--Vanstone scalar multiplication}},
	author={Longa, Patrick and Sica, Francesco},
	journal={Journal of Cryptology},
	volume={27},
	number={2},
	pages={248--283},
	year={2014},
	publisher={Springer}
}

@article{gaudry2012genus,
	title={Genus 2 point counting over prime fields},
	author={Gaudry, Pierrick and Schost, {\'E}ric},
	journal={Journal of Symbolic Computation},
	volume={47},
	number={4},
	pages={368--400},
	year={2012},
	publisher={Elsevier}
}

@inproceedings{lim1997key,
	title={{A Key Recovery Attack on Discrete Log-based Schemes Using a Prime Order Subgroup}},
	author={Lim, Chae Hoon and Lee, Pil Joong},
	booktitle={Annual International Cryptology Conference},
	pages={249--263},
	year={1997},
	organization={Springer}
}

@book{mangard2008power,
	title={{Power Analysis Attacks: Revealing the Secrets of Smart Card}},
	author={Mangard, Stefan and Oswald, Elisabeth and Popp, Thomas},
	volume={31},
	year={2008},
	publisher={Springer Science \& Business Media}
}

@inproceedings{chari2002template,
	title={{Template Attacks}},
	author={Chari, Suresh and Rao, Josyula R and Rohatgi, Pankaj},
	booktitle={International Workshop on Cryptographic Hardware and Embedded Systems},
	pages={13--28},
	year={2002},
	organization={Springer}
}

@inproceedings{rechberger2004practical,
	title={{Practical Template Attacks}},
	author={Rechberger, Christian and Oswald, Elisabeth},
	booktitle={International Workshop on Information Security Applications},
	pages={440--456},
	year={2004},
	organization={Springer}
}

@misc{whisperer2018template,
	title={{Template Attacks}},
	date = {2018},
	author = {{ChipWhisperer}},
	howpublished = "\url{https://wiki.newae.com/Template_Attacks}",
	note = {Accessed: May 14, 2018}	
}

@inproceedings{brier2004correlation,
	title={Correlation Power Analysis with a Leakage Model},
	author={Brier, Eric and Clavier, Christophe and Olivier, Francis},
	booktitle={International Workshop on Cryptographic Hardware and Embedded Systems},
	pages={16--29},
	year={2004},
	organization={Springer}
}

@incollection{rohatgi2009improved,
	title={Improved techniques for side-channel analysis},
	author={Rohatgi, Pankaj},
	booktitle={Cryptographic Engineering},
	pages={381--406},
	year={2009},
	publisher={Springer}
}

@inproceedings{batina2014online,
	title={Online template attacks},
	author={Batina, Lejla and Chmielewski, {\L}ukasz and Papachristodoulou, Louiza and Schwabe, Peter and Tunstall, Michael},
	booktitle={International Conference in Cryptology in India},
	pages={21--36},
	year={2014},
	organization={Springer}
}

@inproceedings{bauer2013horizontal,
	title={{Horizontal and Vertical Side-Channel Attacks against Secure RSA Implementations}},
	author={Bauer, Aur{\'e}lie and Jaulmes, Eliane and Prouff, Emmanuel and Wild, Justine},
	booktitle={Cryptographers’ Track at the RSA Conference},
	pages={1--17},
	year={2013},
	organization={Springer}
}

@inproceedings{dugardin2016dismantling,
	title={{Dismantling real-world ECC with Horizontal and Vertical Template Attacks}},
	author={Dugardin, Margaux and Papachristodoulou, Louiza and Najm, Zakaria and Batina, Lejla and Danger, Jean-Luc and Guilley, Sylvain},
	booktitle={International Workshop on Constructive Side-Channel Analysis and Secure Design},
	pages={88--108},
	year={2016},
	organization={Springer}
}

@techreport{ladd-cfrg-4q-01,
	number =	{draft-ladd-cfrg-4q-01},
	type =		{Internet-Draft},
	institution =	{Internet Engineering Task Force},
	publisher =	{Internet Engineering Task Force},
	note =		{Work in Progress},
	url =		{https://datatracker.ietf.org/doc/html/draft-ladd-cfrg-4q-01},
	author =	{Watson Ladd and Patrick Longa and Richard Barnes},
	title =		{{Curve4Q}},
	pagetotal =	20,
	year =		2017,
	month =		mar,
	day =		27,
	abstract =	{This document specifies Curve4Q, a twisted Edwards curve proposed in {[}Curve4Q{]} that takes advantage of arithmetic over the field GF(2\textasciicircum{}127-1) and two endomorphisms to achieve the speediest Diffie- Hellman key agreements over a group of order approximately 2\textasciicircum{}246, which provides around 128 bits of security. Curve4Q implementations are more than two times faster than those of Curve25519 and, when not using endomorphisms, are between 1.2 and 1.6 times faster.},
}

@inproceedings{guntur2014side,
	title={{Side-channel attack user reference architecture board SAKURA-G}},
	author={Guntur, Hendra and Ishii, Jun and Satoh, Akashi},
	booktitle={Consumer Electronics (GCCE), 2014 IEEE 3rd Global Conference on},
	pages={271--274},
	year={2014},
	organization={IEEE}
}

@manual{riscure2017inspector,
	title = {{Inspector User Manual}},
	author = {{Riscure}},
	organization = {{Riscure BV}},
	month = {June},
	year = {2017},
	note = {Edition 4.12}
}

@manual{activedso2015guide,
	title = {{ActiveDSO Developer’s Guide}},
	author = {{Teledyne LeCroy}},
	organization = {{LeCroy Corporation}},
	month = {September},
	year = {2015},
	note = {Edition 926289 Rev B}
}

@manual{waverunner6manual,
	title = {{WaveRunner 6 Zi/HRO Oscilloscopes Operator's Manual}},
	author = {{Teledyne LeCroy}},
	organization = {{LeCroy Corporation}},
	month = {May},
	year = {2017},
	note = {Edition 928453 Rev B}
}

@manual{automation2017manual,
	title = {{MAUI Oscilloscopes Remote Control and Automation Manual}},
	author = {{Teledyne LeCroy}},
	organization = {{LeCroy Corporation}},
	month = {October},
	year = {2017},
	note = {Edition 925131 Rev B}
}

@inproceedings{kocher1999differential,
	title={{Differential Power Analysis}},
	author={Kocher, Paul and Jaffe, Joshua and Jun, Benjamin},
	booktitle={Annual International Cryptology Conference},
	pages={388--397},
	year={1999},
	organization={Springer}
}

@inproceedings{choudary2013efficient,
	title={{Efficient Template Attacks}},
	author={Choudary, Omar and Kuhn, Markus G},
	booktitle={International Conference on Smart Card Research and Advanced Applications},
	pages={253--270},
	year={2013},
	organization={Springer}
}

@misc{liu2017fourq,
	author = {Zhe Liu and Patrick Longa and Geovandro Pereira and Oscar Reparaz and Hwajeong Seo},
	title = {FourQ on embedded devices with strong countermeasures against side-channel attacks},
	howpublished = {Cryptology ePrint Archive, Report 2017/434},
	year = {2017},
	note = {\url{https://eprint.iacr.org/2017/434}},
}

@inproceedings{standaert2004power,
	title={Power analysis attacks against FPGA implementations of the DES},
	author={Standaert, Fran{\c{c}}ois-Xavier and {\"O}rs, S{\i}dd{\i}ka Berna and Quisquater, Jean-Jacques and Preneel, Bart},
	booktitle={International Conference on Field Programmable Logic and Applications},
	pages={84--94},
	year={2004},
	organization={Springer}
}

@inproceedings{ors2003power,
	title={Power-analysis attacks on an FPGA--first experimental results},
	author={{\"O}rs, S{\i}dd{\i}ka Berna and Oswald, Elisabeth and Preneel, Bart},
	booktitle={International Workshop on Cryptographic Hardware and Embedded Systems},
	pages={35--50},
	year={2003},
	organization={Springer}
}